<?xml version="1.0" encoding="UTF-8" standalone="yes"?><po_line><number>POL-200267</number><status></status><owner desc="The Alexander Turnbull Library">ATL</owner><type desc="Digital - One Time">DIGITAL_OT</type><vendor desc="Sounz, Centre For NZ Music">SOUNZ</vendor><vendor_account>SOUNZ-LD</vendor_account><reclaim_interval>0</reclaim_interval><claiming_interval>20</claiming_interval><acquisition_method desc="Legal Deposit">LEGAL_DEPOSIT</acquisition_method><no_charge>false</no_charge><rush>false</rush><cancellation_restriction>false</cancellation_restriction><price><sum>0.0</sum><currency desc="New Zealand Dollar">NZD</currency></price><vendor_reference_number></vendor_reference_number><source_type desc="API">API</source_type><po_number></po_number><additional_order_reference></additional_order_reference><invoice_reference></invoice_reference><resource_metadata><mms_id link="https://api-ap.hosted.exlibrisgroup.com/almaws/v1/bibs/9911649603502836">9911649603502836</mms_id><title></title><author></author><issn></issn><isbn></isbn><publisher></publisher><publication_place></publication_place><publication_year></publication_year><vendor_title_number></vendor_title_number><system_control_numbers><system_control_number></system_control_number></system_control_numbers></resource_metadata><fund_distributions><fund_distribution><fund_code desc=""></fund_code><amount><sum></sum><currency/></amount></fund_distribution></fund_distributions><reporting_code>DIGISCORE</reporting_code><secondary_reporting_code></secondary_reporting_code><tertiary_reporting_code></tertiary_reporting_code><fourth_reporting_code></fourth_reporting_code><fifth_reporting_code></fifth_reporting_code><vendor_note></vendor_note><receiving_note></receiving_note><alerts><alert desc="PO Line type is disabled and its default value is not selected. The PO Line was created with the original type"></alert></alerts><notes/><portfolios total_record_count="0"/><locations/><license desc=""></license><url></url><base_status></base_status><access_provider></access_provider><manual_renewal>false</manual_renewal><renewal_cycle/><renewal_period>0</renewal_period><renewal_note></renewal_note><material_type desc="Digital File">KEYS</material_type><created_date>2023-03-14Z</created_date></po_line>
https://api-ap.hosted.exlibrisgroup.com/almaws/v1/bibs/9914916793502836?apikey=l8xx5d24fa2ed92248dfb913722b8e3fb2d6
<?xml version="1.0" encoding="UTF-8" standalone="yes"?><bib><mms_id>9914916793502836</mms_id><record_format>marc21</record_format><linked_record_id/><title>My soul, there is a country : anthem for S.A.T.B. /</title><author>Thiman, Eric H.</author><network_numbers><network_number>(OCoLC)497199179</network_number><network_number>(NLNZils)1491679-ilsdb</network_number><network_number>1491679</network_number><network_number>(NLNZils)1491679</network_number><network_number>(Cadence)14303</network_number></network_numbers><place_of_publication>London :</place_of_publication><date_of_publication>c1957.</date_of_publication><publisher_const>Novello &amp; Co,</publisher_const><holdings link="https://api-ap.hosted.exlibrisgroup.com/almaws/v1/bibs/9914916793502836/holdings"/><created_by>import</created_by><created_date>2016-08-13Z</created_date><last_modified_by>System</last_modified_by><last_modified_date>2022-12-12Z</last_modified_date><suppress_from_publishing>false</suppress_from_publishing><suppress_from_external_search>false</suppress_from_external_search><suppress_from_metadoor>false</suppress_from_metadoor><rank>77</rank><sync_with_oclc>BIBS</sync_with_oclc><sync_with_libraries_australia>NONE</sync_with_libraries_australia><originating_system>OTHER</originating_system><originating_system_id>1491679-ilsdb</originating_system_id><cataloging_level desc="Default Level">00</cataloging_level><brief_level desc="10">10</brief_level><record><leader>00942ccm a2200289 a 4500</leader><controlfield tag="001">9914916793502836</controlfield><controlfield tag="005">20221207104854.0</controlfield><controlfield tag="008">040602s1957    enkana         nn   eng d</controlfield><datafield ind1="2" ind2="2" tag="028"><subfield code="a">18374</subfield><subfield code="b">Novello &amp; Co</subfield></datafield><datafield ind1=" " ind2=" " tag="035"><subfield code="a">(Cadence)14303</subfield></datafield><datafield ind1=" " ind2=" " tag="035"><subfield code="a">(NLNZils)1491679</subfield></datafield><datafield ind1=" " ind2=" " tag="035"><subfield code="a">1491679</subfield></datafield><datafield ind1=" " ind2=" " tag="035"><subfield code="a">(NLNZils)1491679-ilsdb</subfield></datafield><datafield ind1=" " ind2=" " tag="035"><subfield code="a">(OCoLC)497199179</subfield></datafield><datafield ind1=" " ind2=" " tag="040"><subfield code="a">WN</subfield><subfield code="c">WN</subfield></datafield><datafield ind1=" " ind2=" " tag="041"><subfield code="a">eng</subfield></datafield><datafield ind1="1" ind2=" " tag="100"><subfield code="a">Thiman, Eric H.</subfield><subfield code="q">(Eric Harding),</subfield><subfield code="d">1900-1975</subfield></datafield><datafield ind1="1" ind2="0" tag="245"><subfield code="a">My soul, there is a country :</subfield><subfield code="b">anthem for S.A.T.B. /</subfield><subfield code="c">words by Henry Vaughan ; music by Eric H. Thiman.</subfield></datafield><datafield ind1=" " ind2=" " tag="260"><subfield code="a">London :</subfield><subfield code="b">Novello &amp; Co,</subfield><subfield code="c">c1957.</subfield></datafield><datafield ind1=" " ind2=" " tag="300"><subfield code="a">1 score (7 p.) ;</subfield><subfield code="c">26 cm.</subfield></datafield><datafield ind1="0" ind2=" " tag="490"><subfield code="a">Octavo anthems ;</subfield><subfield code="v">Anth. 1341</subfield></datafield><datafield ind1=" " ind2=" " tag="500"><subfield code="a">Chorus: SATB</subfield></datafield><datafield ind1=" " ind2=" " tag="500"><subfield code="a">Accompaniment: organ</subfield></datafield><datafield ind1=" " ind2="0" tag="650"><subfield code="a">Anthems, 20th century</subfield></datafield><datafield ind1=" " ind2="0" tag="650"><subfield code="a">Choruses, Sacred (Mixed voices, 4 parts) with organ.</subfield></datafield><datafield ind1=" " ind2="7" tag="655"><subfield code="a">Choral set.</subfield><subfield code="2">nzcoh</subfield></datafield><datafield ind1="1" ind2=" " tag="700"><subfield code="a">Vaughan, Henry,</subfield><subfield code="d">1621-1695.</subfield></datafield></record></bib>
https://api-ap.hosted.exlibrisgroup.com/almaws/v1/bibs/9919173839702836?apikey=l8xx5d24fa2ed92248dfb913722b8e3fb2d6
<?xml version="1.0" encoding="UTF-8" standalone="yes"?><web_service_result xmlns="http://com/exlibris/urm/general/xmlbeans"><errorsExist>true</errorsExist><errorList><error><errorCode>402203</errorCode><errorMessage>Input parameters mmsId 9919173839702836 is not valid.</errorMessage><trackingId>E01-1303211821-IW602-AWAE1994074151</trackingId></error></errorList></web_service_result>
>>> 
[Cancelled]